@inproceedings{arasu,
author = {A. Arasu and J. Novak and A. Tomkins and J. Tomlin},
title = {PageRank computation and the structure of the web: Experiments and algorithms},
year = {2002},
booktitle = {Proceedings of the Eleventh International World Wide Web Conference, Poster Track},
location =  {Brisbane, Australia},
pages = {107--117}
}

@techreport{ilprints422,
          number = {1999-66},
           month = {November},
          author = {Lawrence Page and Sergey Brin and Rajeev Motwani and Terry Winograd},
            note = {Previous number = SIDL-WP-1999-0120},
           title = {The PageRank Citation Ranking: Bringing Order to the Web.},
            type = {Technical Report},
       publisher = {Stanford InfoLab},
            year = {1999},
     institution = {Stanford InfoLab},
             url = {http://ilpubs.stanford.edu:8090/422/},
        abstract = {The importance of a Web page is an inherently subjective matter, which depends on the readers interests, knowledge and attitudes. But there is still much that can be said objectively about the relative importance of Web pages. This paper describes PageRank, a mathod for rating Web pages objectively and mechanically, effectively measuring the human interest and attention devoted to them. We compare PageRank to an idealized random Web surfer. We show how to efficiently compute PageRank for large numbers of pages. And, we show how to apply PageRank to search and to user navigation.}
}


@inproceedings{Cha2010,
author= {Meeyoung Cha and Hamed Haddadi and Fabricio Benevenuto and Krishna P. Gummadi},
title = {Measuring User Influence in Twitter: The Million Follower Fallacy},
booktitle={Proc. International AAAI Conference on Weblogs and Social Media (ICWSM)},
year = {2010},
}

@inproceedings{Weng:2010,
 author = {Weng, Jianshu and Lim, Ee-Peng and Jiang, Jing and He, Qi},
 title = {TwitterRank: finding topic-sensitive influential twitterers},
 booktitle = {Proceedings of the third ACM international conference on Web search and data mining},
 series = {WSDM '10},
 year = {2010},
} 

@inproceedings{Lee:2010,
 author = {Lee, Changhyun and Kwak, Haewoon and Park, Hosung and Moon, Sue},
 title = {Finding influentials based on the temporal order of information adoption in twitter},
 booktitle = {Proceedings of the 19th international conference on World wide web},
 series = {WWW '10},
 year = {2010},
} 

@inproceedings{Ye:2010,
 author = {Ye, Shaozhi and Wu, S. Felix},
 title = {Measuring message propagation and social influence on Twitter.com},
 booktitle = {Proceedings of the Second international conference on Social informatics},
 series = {SocInfo'10},
 year = {2010},
 }


@inproceedings{Abel11,
author = {Fabian Abel and Qi Gao and Geert-Jan Houben and Ke Tao},
title= {Analyzing Temporal Dynamics in Twitter Proﬁles for Personalized Recommendations in the Social Web},
booktitle = {User Modeling, Adaption and Personalization, WebSci ’11},
year = {2011},
}


@inproceedings{Kwak10www,
author = {Kwak, Haewoon and Lee, Changhyun and Park, Hosung and Moon, Sue},
title = "{W}hat is {T}witter, a social network or a news media?",
booktitle = {WWW '10: Proceedings of the 19th international conference on World wide web},
year = {2010},
isbn = {978-1-60558-799-8},
pages = {591--600},
location = {Raleigh, North Carolina, USA},
doi = {http://doi.acm.org/10.1145/1772690.1772751},
publisher = {ACM},
address = {New York, NY, USA},
}

@inproceedings{chengCIKM2010,
author = {Z. Cheng and J. Caverlee and K. Lee},
title={You Are Where You {T}weet: A Content-Based Approach to Geo-locating {T}witter Users},
booktitle={In Proceeding of the 19th ACM Conference on Information and Knowledge Management (CIKM)},
location={ Toronto, Canada},
year = {2010},
}

@misc{infochimpsAPI,
author = {Infochimps},
title={Twitter Screen Name, User ID, Search ID Mapping API},
booktitle={http://www.infochimps.com/datasets/twitter-screen-name-user-id-search-id-mapping}
}

@article{Goldenberg,
	author="J. Goldenberg and B. Libai and E. Muller",
	title="Using Complex Systems Analysis to Advance Marketing Theory Development",
	journal="Academy of Marketing Science Review",
	year = "2011"
	}

@article{Granovetter,
	author="M. Granovetter",
	title="THreshold models of collective behavior",
	journal="American Journal of Sociology",
	pages="85(6):1420-1443",
	year="1978"
}

@article{Domingos,
	author="P. Domingos and M. Richardson",
	title="Mining the Network Value of Customers",
	journal="Seventh International Conference on Knowledge Discovery and Data Mining",
	year = "2001"
}

@article{Halko,
	author="N. Halko and P. G. Martinsson and J. A. Tropp",
	title="Finding structure with randomness: Stochastic algorithms for constructing approximate matrix decompositions",
	journal="Tech. re",
	page="2009-05",
	year="2009"
}

@article{Estrada2,
	author = "E. Estrada and J. A. Rodr\'{i}guez-Vel\'{a}zquez",
	title = "Subgraph centrality in complex networks",
	journal= " Phys. Rev. E",
	volume="71(2005)",
	number="056103",
	year="2005"
}

@article{Estrada3,
	author = "E. Estrada and N. Hatano",
	title = "Communicability in complex networks",
	journal="Phys. Rev. E",
	volume="77(2007)",
	number="036111",
	year = "2007"
}

@article{Estrada4,
	author = "E. Estrada and D. J. Higham and N. Hatano",
	title="Communicability betweenness in complex networks",
	journal="Phys. A",
	volume = "388(2009)",
	pages = "764-774",
	year = "2009"
}	

@misc{maciej,
	author="Maciej Ceglowski",
	title="The Social Graph is Neither",
	url={http://blog.pinboard.in/2011/11/the_social_graph_is_neither},
	month = nov,
	year = {2011}
	}

@misc{forbes,
	author="Venkatesh Rao",
	month = oct,
	year = {2011},
	title="The Social Graph as Crude Oil (Go Ahead, Build that YASN!)",
	url={http://www.forbes.com/sites/venkateshrao/2011/10/21/the-social-graph-as-crude-oil-go-ahead-build-that-yasn/}
	}

@article{ Galeotti,
       author = "Andrea Galeotti and Sanjeev Goyal and Matthew O. Jackson and Fernando Vega-Redondo and Leeat Yariv",
       title = "Network games",
       journal = "Review of Economic Studies",
       year = "2010", 
       pages = {77},
       }

@article{Estrada,
	author =  "Ernesto Estrada and Desmond J. Higham",
	title = "Network properties revealed through matrix functions",
	journal = "SIAM Rev",
	pages = "52:696–714", 
	year = "2010",
	}
	
@article{Kempe,	
	author = "David Kempe and Jon Kleinberg and Eva Tardos",
	title = "Maximizing the spread of inﬂuence through a social network",
	journal = "ACM SIGKDD international conference on Knowledge discovery and data mining",
	pages = "137–146", 
	year = "2003",
	}

@article{Mathioudakis,
	author = "Michael Mathioudakis and Francesco Bonchi and Carlos Castillo and Aristides Gionis and Antti Ukkonen",
	title = "Sparsiﬁcation of inﬂuence networks",
	journal = "ACM SIGKDD international conference on Knowledge discovery and data mining",
	year = "2011",
	}
	
@article{Dhillon,		
	author = "Berkant Savas and Inderjit S Dhillon",
	title = "Clustered low rank approximation of graphs in information science applications",
	journal = "SIAM International Conference on Data Mining",
	year = "201",
	}
	
@article{Wang,
	author = "Yu Wang and Gao Cong and Guojie Song and Kunqing Xie",
	title = "Community-based greedy algorithm for mining top-k inﬂuential nodes in mobile social networks",
	journal = "16th ACM SIGKDD international conference on Knowledge discovery and data mining", 
	pages = "1039–1048",
	year = "2010",
	}